@misc{references_in_progress,
  author = {Logic Force Theory Team},
  title = {References for Logic Force Theory Paper},
  note = {References are in progress. The full bibliography will be included upon finalization.},
  year = {2025}
}